% TODO-dpwiese - if URLs are desired in rendered PDF, update the bibliographystyle to include this
% as opposed to putting the url in the note field.
% See e.g.: /usr/local/texlive/2021/texmf-dist/bibtex/bst/base/plain.bst
@BOOK{cook.flightdynamics.2007,
  title         = {Flight Dynamics Principles},
  author        = {Michael V. Cook},
  year          = {2007},
  publisher     = {Elsevier/Butterworth-Heinemann},
  series        = {Elsevier Aerospace engineering series},
  isbn          = {9780750669276},
  lccn          = {2007927814},
  url           = {\url{http://books.google.com/books?id=sf9Qn9MS0ykC}},
  note          = {\url{http://books.google.com/books?id=sf9Qn9MS0ykC}}
}

@BOOK{etkin.atmosphericflight.1972,
  title         = {Dynamics of Atmospheric Flight},
  author        = {Bernard Etkin},
  year          = {1972},
  publisher     = {Wiley},
  address       = {New York},
  isbn          = {9780471246206},
  lccn          = {73165946},
  url           = {\url{https://books.google.com/books?id=iWamAAAAIAAJ}},
  note          = {\url{https://books.google.com/books?id=iWamAAAAIAAJ}}
}

@BOOK{stevenslewis.aircraftcontrol.2003,
  title         = {Aircraft Control and Simulation},
  author        = {Brian L. Stevens and Frank L. Lewis},
  year          = {2003},
  publisher     = {John Wiley},
  edition       = {2},
  isbn          = {9780471371458},
  lccn          = {2003043250},
  url           = {\url{http://books.google.co.cr/books?id=T0Ux6av4btIC}},
  note          = {\url{http://books.google.co.cr/books?id=T0Ux6av4btIC}}
}

@BOOK{stengel.flightdynamics.2004,
  title         = {Flight Dynamics},
  author        = {Robert F. Stengel},
  year          = {2004},
  publisher     = {Princeton University Press},
  isbn          = {9780691114071},
  lccn          = {2003062310},
  url           = {\url{http://books.google.com/books?id=EFZzQgAACAAJ}},
  note          = {\url{http://books.google.com/books?id=EFZzQgAACAAJ}}
}

@BOOK{nelson.flightcontrol.1998,
  title         = {Flight Stability and Automatic Control},
  author        = {Robert C. Nelson},
  year          = {1998},
  publisher     = {WCB/McGraw Hill}
}

@BOOK{mclean.flightcontrol.1990,
  title         = {Automatic Flight Control Systems},
  author        = {Donald McLean},
  year          = {1990},
  series        = {Prentice-Hall international series in systems and control engineering},
  publisher     = {Prentice Hall}
}

@BOOK{yechout.flightmechanics.2003,
  title         = {Introduction to Aircraft Flight Mechanics: Performance, Static Stability, Dynamic Stability, and Classical Feedback Control},
  author        = {Thomas R. Yechout and Steven L. Morris and David E. Bossert and Wayne F. Hallgren},
  year          = {2003},
  series        = {AIAA education series},
  publisher     = {American Institute of Aeronautics and Astronautics}
}

@BOOK{heppenheimer.heatbarrier.2009,
  title         = {Facing the Heat Barrier: A History of Hypersonics},
  author        = {Thomas A. Heppenheimer},
  year          = {2011},
  series        = {The NASA History Series},
  publisher     = {Books Express Publishing},
  isbn          = {9781780394596},
  url           = {\url{http://books.google.com/books?id=dUXKgSYZPV8C}},
  note          = {\url{http://books.google.com/books?id=dUXKgSYZPV8C}}
}

@BOOK{narendra.stable.2005,
  title         = {Stable Adaptive Systems},
  author        = {Kumpati S. Narendra and Anuradha M. Annaswamy},
  year          = {2005},
  series        = {Dover Books on Electrical Engineering Series},
  publisher     = {Dover}
}

@BOOK{narendra.frequency.1973,
  title         = {Frequency Domain Criteria for Absolute stability},
  author        = {Kumpati S. Narendra and James H. Taylor},
  series        = {Electrical science series},
  year          = {1973},
  publisher     = {Elsevier Science},
  lccn          = {lc72082641},
  url           = {\url{https://books.google.com/books?id=GgAqAQAAMAAJ}},
  note          = {\url{https://books.google.com/books?id=GgAqAQAAMAAJ}}
}

@BOOK{curran.scramjet.2000,
  title         = {Scramjet Propulsion},
  author        = {Edward T. Curran and S.N.B. Murthy},
  year          = {2000},
  series        = {Progress in Astronautics and Aeronautics Series},
  publisher     = {American Institute of Aeronautics and Astronautics},
  volume        = {189},
  isbn          = {9781563473227},
  lccn          = {2002277315},
  url           = {\url{https://books.google.com/books?id=PKf-vQAACAAJ}},
  note          = {\url{https://books.google.com/books?id=PKf-vQAACAAJ}}
}

@BOOK{anderson.aerodynamics.2010,
  title         = {Fundamentals of Aerodynamics},
  author        = {John D. Anderson},
  year          = {2010},
  series        = {Anderson series},
  publisher     = {McGraw-Hill Education},
  isbn          = {9780073398105},
  lccn          = {2009048907},
  url           = {\url{https://books.google.com/books?id=xwY8PgAACAAJ}},
  note          = {\url{https://books.google.com/books?id=xwY8PgAACAAJ}}
}

@BOOK{dazzo.linearcontrol.2003,
  title         = {Linear Control System Analysis and Design With Matlab},
  author        = {John Joachim d'Azzo and Constantine Dino Houpis},
  year          = {2003},
  publisher     = {McGraw-Hill Higher Education}
}

@BOOK{slotine.appliednonlinear.1991,
  title         = {Applied Nonlinear Control},
  author        = {Jean-Jacques E. Slotine and Weiping A. Li},
  year          = {1991},
  publisher     = {Prentice Hall}
}

@INPROCEEDINGS{chandler.lqrshortcomings.1983,
  title         = {Shortcomings of Modern Control as Applied to Fighter Flight Control Design},
  author        = {Phillip R. Chandler and D.W. Potts},
  year          = {1983},
  month         = {December},
  booktitle     = {22nd IEEE Conference on Decision and Control},
  volume        = {22},
  pages         = {1068--1073},
  address       = {San Antonio, TX, USA},
  doi           = {10.1109/CDC.1983.269684},
  url           = {\url{https://doi.org/10.1109/CDC.1983.269684}},
  note          = {\url{https://doi.org/10.1109/CDC.1983.269684}}
}

@ARTICLE{billamoria.eom.1995,
  title         = {Integrated Development of the Equations of Motion for Elastic Hypersonic Flight Vehicles},
  author        = {Karl D. Billamoria and David K. Schmidt},
  year          = {1995},
  month         = {January/February},
  journal       = {Journal of Guidance, Control, and Dynamics},
  publisher     = {American Institute of Aeronautics and Astronautics},
  organization  = {AIAA},
  volume        = {18},
  pages         = {73--81},
  number        = {1}
}

@ARTICLE{xu.adaptive.2004,
  title         = {Adaptive Sliding Mode Control Design for a Hypersonic Flight Vehicle},
  author        = {Haojian Xu and Maj Dean Mirmirani and Petros A. Ioannou},
  year          = {2004},
  journal       = {Journal of Guidance, Control, and Dynamics},
  publisher     = {American Institute of Aeronautics and Astronautics},
  organization  = {AIAA},
  volume        = {27},
  number        = {5},
  pages         = {829--838},
  doi           = {10.2514/1.12596},
  url           = {\url{https://doi.org/10.2514/1.12596}},
  note          = {\url{https://doi.org/10.2514/1.12596}}
}

@INPROCEEDINGS{schmidt.dynamics.1991,
  title         = {Dynamics and Control of Hypersonic Vehicles-the Integration Challenge for the 1990's},
  author        = {David K. Schmidt and Harvey Mamich and Frank Chavez},
  year          = {1991},
  month         = {December},
  booktitle     = {AIAA International Aerospace Planes Conference},
  publisher     = {American Institute of Aeronautics and Astronautics},
  organization  = {AIAA},
  address       = {Orlando, FL, USA},
  pages         = {5057},
  doi           = {10.2514/6.1991-5057},
  url           = {\url{http://dx.doi.org/10.2514/6.1991-5057}},
  note          = {\url{http://dx.doi.org/10.2514/6.1991-5057}}
}

% TODO-dpwiese - should probably be a TECHREPORT
@INPROCEEDINGS{mirmirani.airbreathing.2005,
  title         = {Airbreathing Hypersonic Flight Vehicle Modeling and Control, Review, Challenges, and a {CFD}-Based Example},
  author        = {Maj Dean Mirmirani and Chivey Wu and Andrew Clark and Sangbum Choi and Baris Fidan},
  year          = {2005},
  booktitle     = {Workshop on Modeling and Control of Complex Systems},
  pages         = {1--15}
}

@INPROCEEDINGS{bolender.hifire6.2012,
  title         = {{HIF}i{RE} 6: An Adaptive Flight Control Experiment},
  author        = {Michael A. Bolender and Jeffrey Staines and Douglas Dolvin},
  year          = {2012},
  month         = {January},
  publisher     = {American Institute of Aeronautics and Astronautics},
  booktitle     = {AIAA Aerospace Sciences Meeting},
  address       = {Nashville, TN, USA},
  organization  = {AIAA},
  pages         = {252},
  doi           = {10.2514/6.2012-252},
  url           = {\url{https://doi.org/10.2514/6.2012-252}},
  note          = {\url{https://doi.org/10.2514/6.2012-252}}
}

@INPROCEEDINGS{bolender.unstart.2009,
  title         = {Flight Dynamics of a Hypersonic Vehicle During Inlet Un-start},
  author        = {Michael A. Bolender and Heidi Wilkin and Lance Jacobsen and Travis Drayna and Andrew Dwenger},
  year          = {2009},
  booktitle     = {16th AIAA/DLR/DGLR International Space Planes and Hypersonic Systems and Technologies Conference},
  publisher     = {American Institute of Aeronautics and Astronautics},
  organization  = {AIAA},
  address       = {Bremen, Germany},
  month         = {October},
  doi           = {10.2514/6.2009-7292},
  pages         = {7292},
  url           = {\url{https://doi.org/10.2514/6.2009-7292}},
  note          = {\url{https://doi.org/10.2514/6.2009-7292}}
}

@MANUAL{manual.durham.2002,
  title         = {Aircraft Dynamics \& Control},
  author        = {Wayne Durham},
  organization  = {Virginia Polytechnic Institute \& State University},
  year          = {2002},
  chapter       = {9},
  pages         = {171--178},
  url           = {\url{http://www.dept.aoe.vt.edu/~durham/AOE5214/}},
  note          = {\url{http://www.dept.aoe.vt.edu/~durham/AOE5214/}}
}

@BOOK{durham.flightdynamics.2013,
  title         = {Aircraft Flight Dynamics and Control},
  author        = {Wayne Durham},
  isbn          = {9781118646809},
  lccn          = {2013018535},
  series        = {Aerospace Series},
  url           = {\url{https://books.google.com/books?id=dU4fAAAAQBAJ}},
  note          = {\url{https://books.google.com/books?id=dU4fAAAAQBAJ}},
  year          = {2013},
  publisher     = {Wiley}
}

@INCOLLECTION{Tsien2012443,
  title         = {Similarity Laws of Hypersonic Flows},
  booktitle     = {Collected Works of H.S. Tsien (1938-956)},
  author        = {Hsue-Shen Tsien},
  publisher     = {Elsevier},
  address       = {Oxford},
  year          = {2012},
  pages         = {443--447},
  isbn          = {978-0-12-398277-3},
  doi           = {10.1016/B978-0-12-398277-3.50022-1},
  url           = {\url{https://doi.org/10.1016/B978-0-12-398277-3.50022-1}},
  note          = {\url{http://www.sciencedirect.com/science/article/pii/B9780123982773500221}}
}

% TODO-dpwiese - should probably be a TECHREPORT
@ARTICLE{freeman.hyperx.1997,
  title         = {The {NASA} {H}yper-{X} Program},
  author        = {Freeman, Jr., Delma C. and David E. Reubush and Charles R. McClinton and Vincent L. Rausch and Larry J. Crawford},
  year          = {1997},
  publisher     = {{NASA} {L}angley {T}echnical Report Server},
  journal       = {NASA Technical Report},
  booktitle     = {48th International Astronautical Congress},
  month         = {October},
  address       = {Turin, Italy},
  url           = {\url{https://ntrs.nasa.gov/archive/nasa/casi.ntrs.nasa.gov/19980018480.pdf}},
  note          = {\url{https://ntrs.nasa.gov/archive/nasa/casi.ntrs.nasa.gov/19980018480.pdf}}
}

@INPROCEEDINGS{kothari.reusable.2010,
  title         = {A Reusable, Rocket and Airbreathing Combined Cycle Hypersonic Vehicle Design for Access-to-Space},
  author        = {Ajay P. Kothari and John W. Livingston and Christopher Tarpley and Venkatraman Raghavan and Kevin G. Bowcutt and Thomas R. Smith},
  booktitle     = {AIAA SPACE Conference \& Exhibition},
  publisher     = {American Institute of Aeronautics and Astronautics},
  organization  = {AIAA},
  journal       = {AIAA Paper},
  volume        = {8905},
  address       = {Anaheim, CA, USA},
  month         = {August/September},
  year          = {2010},
  pages         = {8905},
  doi           = {10.2514/6.2010-8905},
  url           = {\url{https://doi.org/10.2514/6.2010-8905}},
  note          = {\url{https://doi.org/10.2514/6.2010-8905}}
}

@INPROCEEDINGS{dalle.envelope.2011,
  title         = {Flight Envelope Calculation of a Hypersonic Vehicle Using a First Principles-Derived Model},
  author        = {Derek J. Dalle and Sean M. Torrez and James F. Driscoll and Michael A. Bolender},
  year          = {2011},
  month         = {April},
  booktitle     = {17th AIAA International Space Planes and Hypersonic Systems and Technologies Conference},
  publisher     = {American Institute of Aeronautics and Astronautics},
  organization  = {AIAA},
  pages         = {2368},
  address       = {San Francisco, CA, USA},
  doi           = {10.2514/6.2011-2368},
  url           = {\url{https://doi.org/10.2514/6.2011-2368}},
  note          = {\url{https://doi.org/10.2514/6.2011-2368}}
}

@INPROCEEDINGS{brocanelli.unstartrecovery.2012,
  author        = {Marco Brocanelli and Yakup Gunbatar and Andrea Serrani and Michael A. Bolender},
  title         = {Robust Control for Unstart Recovery in Hypersonic Vehicles},
  year          = {2012},
  month         = {August},
  booktitle     = {AIAA Guidance, Navigation, and Control Conference},
  publisher     = {American Institute of Aeronautics and Astronautics},
  organization  = {AIAA},
  pages         = {4698},
  address       = {Minneapolis, MN, USA},
  doi           = {10.2514/6.2012-4698},
  url           = {\url{https://doi.org/10.2514/6.2012-4698}},
  note          = {\url{https://doi.org/10.2514/6.2012-4698}}
}

@INPROCEEDINGS{hughes.hinfinity.2010,
  title         = {{H}$_{\infty}$ {LPV} State Feedback Control for Flexible Hypersonic Vehicle Longitudinal Dynamics},
  author        = {Hunter Hughes and Fen Wu},
  year          = {2010},
  month         = {August},
  address       = {Toronto, Ontario, Canada},
  booktitle     = {AIAA Guidance, Navigation, and Control Conference},
  publisher     = {American Institute of Aeronautics and Astronautics},
  organization  = {AIAA},
  pages         = {8281},
  doi           = {10.2514/6.2010-8281},
  url           = {\url{https://doi.org/10.2514/6.2010-8281}},
  note          = {\url{https://doi.org/10.2514/6.2010-8281}}
}

% TODO-dpwiese - should probably be a TECHREPORT
@ARTICLE{maughmer.prediction.1989,
  title         = {Prediction of Forces and Moments for Flight Vehicle Control Effectors},
  author        = {Mark D. Maughmer},
  year          = {1989},
  journal       = {NASA Technical Report},
  month         = {May},
  url           = {\url{https://ntrs.nasa.gov/archive/nasa/casi.ntrs.nasa.gov/19900012418.pdf}},
  note          = {\url{https://ntrs.nasa.gov/archive/nasa/casi.ntrs.nasa.gov/19900012418.pdf}}
}

@ARTICLE{chavez.analytical.1994,
  title         = {Analytical Aeropropulsive-Aeroelastic Hypersonic-Vehicle Model with Dynamic Analysis},
  author        = {Frank R. Chavez and David K. Schmidt},
  journal       = {Journal of Guidance, Control, and Dynamics},
  volume        = {17},
  number        = {6},
  pages         = {1308--1319},
  year          = {1994},
  month         = {November},
  publisher     = {American Institute of Aeronautics and Astronautics},
  organization  = {AIAA},
  doi           = {10.2514/3.21349},
  url           = {\url{https://doi.org/10.2514/3.21349}},
  note          = {\url{https://doi.org/10.2514/3.21349}}
}

@article{parker.control.2007,
  title         = {Control-Oriented Modeling of an Air-breathing Hypersonic Vehicle},
  author        = {Jason T. Parker and Andrea Serrani and Stephen Yurkovich and Michael A. Bolender and David B. Doman},
  year          = {2007},
  month         = {May},
  journal       = {Journal of Guidance, Control, and Dynamics},
  volume        = {30},
  number        = {3},
  pages         = {856--869},
  publisher     = {American Institute of Aeronautics and Astronautics},
  organization  = {AIAA},
  doi           = {10.2514/1.27830},
  url           = {\url{https://doi.org/10.2514/1.27830}},
  note          = {\url{https://doi.org/10.2514/1.27830}}
}

@INPROCEEDINGS{rudd.integrated.2000,
  title         = {Integrated Propulsion Effects on the Dynamic Stability and Control of Hypersonic Waveriders},
  author        = {Lael von Eggers Rudd and Darryl Pines},
  year          = {2000},
  month         = {July},
  address       = {Las Vegas, NV, USA},
  booktitle     = {AIAA Joint Propulsion Conference},
  volume        = {3826},
  publisher     = {American Institute of Aeronautics and Astronautics},
  organization  = {AIAA},
  pages         = {3826},
  doi           = {10.2514/6.2000-3826},
  url           = {\url{https://doi.org/10.2514/6.2000-3826}},
  note          = {\url{https://doi.org/10.2514/6.2000-3826}}
}

@INPROCEEDINGS{rudd.hypersonic.2010,
  title         = {Hypersonic Stability Derivative Modeling Issues},
  author        = {Lael von Eggers Rudd and John Hodgkinson and Robert Parker and Christopher Tarpley},
  year          = {2010},
  booktitle     = {AIAA Atmospheric Flight Mechanics Conference},	
  publisher     = {American Institute of Aeronautics and Astronautics},
  organization  = {AIAA},
  month         = {August},
  address       = {Toronto, Ontario, Canada},
  pages         = {7929},
  doi           = {10.2514/6.2010-7929},
  url           = {\url{https://doi.org/10.2514/6.2010-7929}},
  note          = {\url{https://doi.org/10.2514/6.2010-7929}}
}

@ARTICLE{bolender.hypersonicmodel.2007,
  title         = {Nonlinear Longitudinal Dynamical Model of an Air-Breathing Hypersonic Vehicle},
  author        = {Michael A. Bolender and David B. Doman},
  year          = {2007},
  month         = {March},
  journal       = {Journal of Spacecraft and Rockets},
  number        = {2},
  pages         = {374--387},
  volume        = {44},
  publisher     = {American Institute of Aeronautics and Astronautics},
  organization  = {AIAA},
  doi           = {10.2514/1.23370},
  url           = {\url{https://doi.org/10.2514/1.23370}},
  note          = {\url{https://doi.org/10.2514/1.23370}}
}

@INPROCEEDINGS{chavez.flightdynamics.1994,
  title         = {Flight Dynamics and Control of Elastic Hypersonic Vehicles - Modeling Uncertainties},
  author        = {Frank R. Chavez and David K. Schmidt},
  year          = {1994},
  month         = {August},
  address       = {Scottsdale, AZ, USA},
  booktitle     = {AIAA Guidance, Navigation, and Control Conference},
  publisher     = {American Institute of Aeronautics and Astronautics},
  organization  = {AIAA},
  pages         = {3629},
  doi           = {10.2514/6.1994-3629},
  url           = {\url{https://doi.org/10.2514/6.1994-3629}},
  note          = {\url{https://doi.org/10.2514/6.1994-3629}}
}

% TODO-dpwiese - in all INPROCEEDINGS change `address` to `location`? Address doesn't seem to be a
% supported field of inproceedings, but is supported by plain.bst while location is not.
@INPROCEEDINGS{mcruer.hypersonic.1991,
  title         = {Design and Modeling Issues for Integrated Airframe/Propulsion Control of Hypersonic Flight Vehicles},
  author        = {Duane McRuer},
  year          = {1991},
  address       = {Boston, MA, USA},
  booktitle     = {American Control Conference},
  organization  = {IEEE},
  publisher     = {Institute of Electrical and Electronics Engineers},
  pages         = {729--734},
  doi           = {10.23919/ACC.1991.4791471},
  url           = {\url{https://doi.org/10.23919/ACC.1991.4791471}},
  note          = {\url{https://doi.org/10.23919/ACC.1991.4791471}}
}

% TODO-dpwiese - this should probably be TECHREPORT
@ARTICLE{maine.coefficients.1981,
  title         = {The Theory and Practice of Estimating the Accuracy of Dynamic Flight-Determined Coefficients},
  author        = {Richard E. Maine and Kenneth W. Iliff},
  year          = {1981},
  journal       = {NASA Reference Publication 1077},
  url           = {\url{https://ntrs.nasa.gov/citations/19810019327}},
  note          = {\url{https://ntrs.nasa.gov/citations/19810019327}}
}

@ARTICLE{morelli.parameters.1997,
  title         = {Accuracy of Aerodynamic Model Parameters Estimated from Flight Test Data},
  author        = {Eugene A. Morelli and Vladislav Klein},
  year          = {1997},
  journal       = {Journal of Guidance, Control, and Dynamics},
  number        = {1},
  pages         = {74--80},
  volume        = {20},
  publisher     = {American Institute of Aeronautics and Astronautics},
  organization  = {AIAA},
  doi           = {10.2514/2.3997},
  url           = {\url{https://doi.org/10.2514/2.3997}},
  note          = {\url{https://doi.org/10.2514/2.3997}}
}

% TODO-dpwiese - this should probably be TECHREPORT
@ARTICLE{coleman.hypersonic.2009,
  title         = {On Stability and Control of Hypersonic Vehicles},
  author        = {Colin C. Coleman and Farhan A. Faruqi},
  journal       = {Austrailian DSTO Technical Report},
  year          = {2009}
}

@INPROCEEDINGS{schmidt.dynamics.1992,
  title         = {Dynamics and Control of Hypersonic Aeropropulsive/Aeroelastic Vehicles},
  author        = {David K. Schmidt},
  year          = {1992},
  month         = {August},
  address       = {Hilton Head Island, SC, USA},
  booktitle     = {AIAA Guidance, Navigation, and Control Conference},
  publisher     = {American Institute of Aeronautics and Astronautics},
  organization  = {AIAA},
  pages         = {4326},
  doi           = {10.2514/6.1992-4326},
  url           = {\url{https://doi.org/10.2514/6.1992-4326}},
  note          = {\url{https://doi.org/10.2514/6.1992-4326}}
}

% TODO-dpwiese - this should probably be TECHREPORT
@ARTICLE{ruttle.ghv.2012,
  title         = {Generic Hypersonic Vehicles for Conceptual Design Analyses},
  author        = {Brent Ruttle and Jacob Stork and Glenn Liston},
  year          = {2012},
  journal       = {AFRL Technical Note}
}

@INPROCEEDINGS{rollins.nonlinear.2013,
  title         = {Nonlinear Adaptive Dynamic Inversion Applied to a Generic Hypersonic Vehicle},
  author        = {Elizabeth Rollins and John Valasek and Jonathan A. Muse and Michael A. Bolender},
  year          = {2013},
  address       = {Boston, MA, USA},
  month         = {August},
  organization  = {AIAA},
  booktitle     = {AIAA Guidance, Navigation, and Control (GNC) Conference},
  publisher     = {American Institute of Aeronautics and Astronautics},
  pages         = {5234},
  doi           = {10.2514/6.2013-5234},
  url           = {\url{https://doi.org/10.2514/6.2013-5234}},
  note          = {\url{https://doi.org/10.2514/6.2013-5234}}
}

@ARTICLE{astrom.feedback.1987,
  author        = {Karl J. {\AA}str{\"o}m},
  journal       = {Proceedings of the IEEE},
  title         = {Adaptive Feedback Control},
  year          = {1987},
  volume        = {75},
  number        = {2},
  month         = {February},
  pages         = {185--217},
  doi           = {10.1109/PROC.1987.13721},
  url           = {\url{https://doi.org/10.1109/PROC.1987.13721}},
  note          = {\url{https://doi.org/10.1109/PROC.1987.13721}}
}

@BOOK{astrom.feedbackintro.2010,
  title         = {Feedback Systems: An Introduction for Scientists and Engineers},
  author        = {Karl J. Astr{\"o}m and Richard M. Murray},
  isbn          = {9781400828739},
  url           = {\url{https://books.google.com/books?id=cdG9fNqTDS8C}},
  note          = {\url{https://books.google.com/books?id=cdG9fNqTDS8C}},
  year          = {2010},
  publisher     = {Princeton University Press}
}

% TODO-dpwiese - this should probably be a TECHREPORT
@ARTICLE{carter.heattk.2005,
  title         = {Hypersonic Aerothermodynamic Trajectory Tool Kit ({HEAT}-{TK})},
  author        = {Michael L. Carter and Geojoe Kuruvila and Yuk Woo and Kei Y. Lau and Kevin G. Bowcutt},
  year          = {2012},
  journal       = {AFRL Technical Note}
}

@INPROCEEDINGS{misra.squareup.1992,
  author        = {Pradeep Misra},
  title         = {A Computational Algorithm for Squaring-up Part {I}: Zero Input-Output Matrix},
  booktitle     = {Proceedings of the 31st IEEE Conference on Decision and Control},
  organization  = {IEEE},
  publisher     = {IEEE},
  address       = {Tucson, AZ, USA},
  month         = {December},
  year          = {1992},
  pages         = {149--150},
  doi           = {10.1109/CDC.1992.371770},
  url           = {\url{https://doi.org/10.1109/CDC.1992.371770}},
  note          = {\url{https://doi.org/10.1109/CDC.1992.371770}}
}

@BOOK{lavretskywise.book.2013,
  title         = {Robust and Adaptive Control},
  author        = {Eugene Lavretsky and Kevin A. Wise},
  year          = {2013},
  publisher     = {Springer}
}

@BOOK{antsaklis.linearsystems.2006,
  title         = {Linear Systems},
  author        = {Panos J. Antsaklis and Anthony N. Michel},
  year          = {2006},
  publisher     = {Springer}
}

@BOOK{chen.linear.1999,
  title         = {Linear System Theory and Design},
  author        = {Chi Tsong Chen},
  year          = {1999},
  publisher     = {Oxford University Press}
}

@BOOK{chen.introduction.1970,
  title         = {Introduction to Linear System Theory},
  author        = {Chi Tsong Chen},
  year          = {1970},
  publisher     = {Holt, Rinehart and Winston},
  isbn          = {9780030771552},
  lccn          = {77126528},
  series        = {Holt, Rinehart, and Winston series in electrical engineering, electronics, and systems},
  url           = {\url{https://books.google.com/books?id=s4GgQgAACAAJ}},
  note          = {\url{https://books.google.com/books?id=s4GgQgAACAAJ}}
}

@INPROCEEDINGS{jang.adaptive.2007,
  author        = {Jinho Jang and Anuradha M. Annaswamy and Eugene Lavretsky},
  title         = {Adaptive Flight Control in the Presence of Multiple Actuator Anomalies},
  booktitle     = {American Control Conference},
  organization  = {IEEE},
  publisher     = {Institute of Electrical and Electronics Engineers},
  address       = {New York, NY, USA},
  month         = {July},
  year          = {2007},
  pages         = {3300--3305},
  doi           = {10.1109/ACC.2007.4282990},
  url           = {\url{https://doi.org/10.1109/ACC.2007.4282990}},
  note          = {\url{https://doi.org/10.1109/ACC.2007.4282990}}
}

@ARTICLE{dydek.adaptivex15.2010,
  author        = {Zachary T. Dydek and Anuradha M. Annaswamy and Eugene Lavretsky},
  title         = {Adaptive Control and the {NASA} {X}-15-3 Flight Revisited},
  journal       = {IEEE Control Systems Magazine},
  volume        = {30},
  number        = {3},
  month         = {June},
  year          = {2010},
  pages         = {32--48},
  doi           = {10.1109/MCS.2010.936292},
  url           = {\url{https://doi.org/10.1109/MCS.2010.936292}},
  note          = {\url{https://doi.org/10.1109/MCS.2010.936292}}
}

@INPROCEEDINGS{matsutani.adaptivegtm.2009,
  author        = {Megumi Matsutani and Travis E. Gibson and Jinho Jang and Luis G. Crespo and Anuradha M. Annaswamy},
  title         = {An Adaptive Control Technology for Safety of a {GTM}-like Aircraft},
  booktitle     = {American Control Conference},
  organization  = {IEEE},
  publisher     = {Institute of Electrical and Electronics Engineers},
  address       = {St. Louis, MO, USA},
  year          = {2009},
  month         = {June},
  pages         = {3238--3243},
  doi           = {10.1109/ACC.2009.5160747},
  url           = {\url{https://doi.org/10.1109/ACC.2009.5160747}},
  note          = {\url{https://doi.org/10.1109/ACC.2009.5160747}}
}

@INPROCEEDINGS{crespo.adaptivegtm.2009,
  author        = {Luis G. Crespo and Megumi Matsutani and Jinho Jang and Travis E. Gibson and Anuradha M. Annaswamy},
  title         = {Design and Verification of an Adaptive Controller for the Generic Transport Model},
  booktitle     = {AIAA Guidance, Navigation, and Control Conference},
  organization  = {AIAA},
  publisher     = {AIAA},
  address       = {Chicago, IL, USA},
  month         = {August},
  year          = {2009},
  pages         = {5618},
  doi           = {10.2514/6.2009-5618},
  url           = {\url{https://doi.org/10.2514/6.2009-5618}},
  note          = {\url{https://doi.org/10.2514/6.2009-5618}}
}

@ARTICLE{huang.designspr.1999,
  author        = {C.H. Huang and Petros A. Ioannou and J. Maroulas and Michael G. Safonov},
  title         = {Design of Strictly Positive Real Systems Using Constant Output Feedback},
  journal       = {IEEE Transactions on Automatic Control},
  volume        = {44},
  number        = {3},
  month         = {March},
  year          = {1999},
  pages         = {569--573},
  doi           = {10.1109/9.751352},
  url           = {\url{https://doi.org/10.1109/9.751352}},
  note          = {\url{https://doi.org/10.1109/9.751352}}
}

@INPROCEEDINGS{huang.robust.2012,
  title         = {Mixed {H}2/{H}$_{\infty}$ Robust Adaptive Control of Hypersonic Vehicles Based on the Characteristic Model},
  author        = {Huang Huang and Yong Wang},
  booktitle     = {Chinese Control Conference},
  year          = {2012},
  pages         = {2883-2888}
}

@ARTICLE{barkana.comments.2004,
  author        = {Itzhak Barkana},
  title         = {Comments on ``Design of Strictly Positive Real Systems Using Constant Output Feedback''},
  journal       = {IEEE Transactions on Automatic Control},
  volume        = {49},
  number        = {11},
  month         = {November},
  year          = {2004},
  pages         = {2091--2093},
  doi           = {10.1109/TAC.2004.837565},
  url           = {\url{https://doi.org/10.1109/TAC.2004.837565}},
  note          = {\url{https://doi.org/10.1109/TAC.2004.837565}}
}

@INPROCEEDINGS{qu.gnc.2013,
  author        = {Zheng Qu and Eugene Lavretsky and Anuradha M. Annaswamy},
  title         = {An Adaptive Controller for Very Flexible Aircraft},
  booktitle     = {AIAA Guidance, Navigation, and Control (GNC) Conference},
  publisher     = {American Institute of Aeronautics and Astronautics},
  organization  = {AIAA},
  address       = {Boston, MA, USA},
  month         = {August},
  year          = {2013},
  pages         = {4854},
  doi           = {10.2514/6.2013-4854},
  url           = {\url{https://doi.org/10.2514/6.2013-4854}},
  note          = {\url{https://doi.org/10.2514/6.2013-4854}}
}

@ARTICLE{qu.jgcd.2016,
  title         = {Adaptive Output-Feedback Control with Closed-Loop Reference Models for Very Flexible Aircraft},
  author        = {Zheng Qu and Anuradha M. Annaswamy},
  journal       = {Journal of Guidance, Control, and Dynamics},
  pages         = {1--16},
  year          = {2016},
  month         = {April},
  volume        = {39},
  number        = {4},
  publisher     = {American Institute of Aeronautics and Astronautics},
  doi           = {10.2514/1.G001282},
  url           = {\url{https://doi.org/10.2514/1.G001282}},
  note          = {\url{https://doi.org/10.2514/1.G001282}}
}

@INPROCEEDINGS{wise.obltrdesign.2013,
  author        = {Kevin A. Wise and Eugene Lavretsky},
  title         = {Flight Control Design Using Observer-based Loop Transfer Recovery},
  booktitle     = {AIAA Guidance, Navigation, and Control (GNC) Conference},
  publisher     = {American Institute of Aeronautics and Astronautics},
  organization  = {AIAA},
  address       = {Boston, MA, USA},
  month         = {August},
  year          = {2013},
  pages         = {5105},
  doi           = {10.2514/6.2013-5105},
  url           = {\url{https://doi.org/10.2514/6.2013-5105}},
  note          = {\url{https://doi.org/10.2514/6.2013-5105}}
}

@INPROCEEDINGS{lavretsky.output.2010,
  author        = {Eugene Lavretsky},
  title         = {Adaptive Output Feedback Design Using Asymptotic Properties of {LQG/LTR} Controllers},
  booktitle     = {AIAA Guidance, Navigation, and Control Conference},
  organization  = {AIAA},
  publisher     = {American Institute of Aeronautics and Astronautics},
  address       = {Toronto, Ontario, Canada},
  month         = {August},
  year          = {2010},
  pages         = {7538},
  doi           = {10.2514/6.2010-7538},
  url           = {\url{https://doi.org/10.2514/6.2010-7538}},
  note          = {\url{https://doi.org/10.2514/6.2010-7538}}
}

@ARTICLE{lavretsky.statelimiting.2010,
  author        = {Eugene Lavretsky and Ross Gradient},
  title         = {Robust Adaptive Design for Aerial Vehicles with State-Limiting Constraints},
  journal       = {Journal of Guidance, Control, and Dynamics},
  month         = {2013/05/14},
  number        = {6},
  pages         = {1743--1752},
  volume        = {33},
  year          = {2010},
  doi           = {10.2514/1.50101},
  url           = {\url{https://doi.org/10.2514/1.50101}},
  note          = {\url{https://doi.org/10.2514/1.50101}}
}

@ARTICLE{kouvaritakis.part1.1976,
  author        = {B. Kouvaritakis and A.G.J. MacFarlane},
  title         = {Geometric Approach to Analysis and Synthesis of System Zeros Part 1. Square Systems},
  journal       = {International Journal of Control},
  volume        = {23},
  number        = {2},
  pages         = {149--166},
  year          = {1976},
  doi           = {10.1080/00207177608922149},
  url           = {\url{https://doi.org/10.1080/00207177608922149}},
  note          = {\url{https://doi.org/10.1080/00207177608922149}}
}

@ARTICLE{kouvaritakis.part2.1976,
  author        = {B. Kouvaritakis and A.G.J. MacFarlane},
  title         = {Geometric Approach to Analysis and Synthesis of System Zeros Part 2. Non-Square Systems},
  journal       = {International Journal of Control},
  volume        = {23},
  number        = {2},
  pages         = {167--181},
  year          = {1976},
  doi           = {10.1080/00207177608922150},
  url           = {\url{https://doi.org/10.1080/00207177608922150}},
  note          = {\url{https://doi.org/10.1080/00207177608922150}}
}

@ARTICLE{owens.invariant.1977,
  author        = {D.H. Owens},
  title         = {Invariant Zeros of Multivariable Systems: A Geometric Analysis},
  journal       = {International Journal of Control},
  volume        = {26},
  number        = {4},
  pages         = {537--548},
  year          = {1977},
  doi           = {10.1080/00207177708922327},
  url           = {\url{https://doi.org/10.1080/00207177708922327}},
  note          = {\url{https://doi.org/10.1080/00207177708922327}}
}

@BOOK{boyd.lmibook.1994,
  title         = {Linear Matrix Inequalities in System and Control Theory},
  author        = {Stephen P. Boyd and Laurent El Ghaoui and Eric Feron and Venkataramanan Balakrishnan},
  series        = {SIAM Studies in Applied Mathematics},
  year          = {1994},
  publisher     = {Society for Industrial and Applied Mathematics},
  isbn          = {9780898714852},
  lccn          = {94010477},
  url           = {\url{https://books.google.com/books?id=L24PAQAAMAAJ}},
  note          = {\url{https://books.google.com/books?id=L24PAQAAMAAJ}}
}

@INPROCEEDINGS{gibson.adaptive.2008,
  title         = {Adaptive Control of Hypersonic Vehicles in the Presence of Thrust and Actuator Uncertainties},
  author        = {Travis E. Gibson and Anuradha M. Annaswamy},
  year          = {2008},
  month         = {August},
  publisher     = {American Institute of Aeronautics and Astronautics},
  booktitle     = {AIAA Guidance, Navigation, and Control Conference and Exhibit},
  organization  = {AIAA},
  pages         = {6961},
  address       = {Honolulu, HI, USA},
  doi           = {10.2514/6.2008-6961},
  url           = {\url{https://doi.org/10.2514/6.2008-6961}},
  note          = {\url{https://doi.org/10.2514/6.2008-6961}}
}

@INPROCEEDINGS{gibson.adaptive.2009,
  title         = {Adaptive Control of Hypersonic Vehicles in the Presence of Modeling Uncertainties},
  author        = {Travis E. Gibson and Luis G. Crespo and Anuradha M. Annaswamy},
  year          = {2009},
  month         = {June},
  address       = {St. Louis, MO, USA},
  booktitle     = {American Control Conference},
  organization  = {IEEE},
  publisher     = {Institute of Electrical and Electronics Engineers},
  pages         = {3178--3183},
  doi           = {10.1109/ACC.2009.5160746},
  url           = {\url{https://doi.org/10.1109/ACC.2009.5160746}},
  note          = {\url{https://doi.org/10.1109/ACC.2009.5160746}}
}

@INPROCEEDINGS{gibson.aiaacrm.2012,
  title         = {Improved Transient Response in Adaptive Control Using Projection Algorithms and Closed Loop Reference Models},
  author        = {Travis E. Gibson and Anuradha M. Annaswamy and Eugene Lavretsky},
  year          = {2012},
  month         = {August},
  booktitle     = {AIAA Guidance, Navigation, and Control Conference},
  publisher     = {American Institute of Aeronautics and Astronautics},
  organization  = {AIAA},
  address       = {Minneapolis, MN, USA},
  pages         = {4775},
  doi           = {10.2514/6.2012-4775},
  url           = {\url{https://doi.org/10.2514/6.2012-4775}},
  note          = {\url{https://doi.org/10.2514/6.2012-4775}}
}

@INPROCEEDINGS{gibson.ecc.2013,
  author        = {Travis E. Gibson and Anuradha M. Annaswamy and Eugene Lavretsky},
  title         = {Closed-loop Reference Models for Output-Feedback Adaptive Systems},
  booktitle     = {European Control Conference (ECC)},
  organization  = {IEEE},
  publisher     = {Institute of Electrical and Electronics Engineers},
  address       = {Zurich, Switzerland},
  month         = {July},
  year          = {2013},
  pages         = {365--370},
  doi           = {10.23919/ECC.2013.6669803},
  url           = {\url{https://doi.org/10.23919/ECC.2013.6669803}},
  note          = {\url{https://doi.org/10.23919/ECC.2013.6669803}}
}

@ARTICLE{gibson.ieeeaccess.2013,
  author        = {Travis E. Gibson and Anuradha M. Annaswamy and Eugene Lavretsky},
  title         = {On Adaptive Control With Closed-Loop Reference Models: Transients, Oscillations, and Peaking},
  journal       = {IEEE Access},
  volume        = {1},
  month         = {September},
  year          = {2013},
  pages         = {703--717},
  doi           = {10.1109/ACCESS.2013.2284005},
  url           = {\url{https://doi.org/10.1109/ACCESS.2013.2284005}},
  note          = {\url{https://doi.org/10.1109/ACCESS.2013.2284005}}
}

@INPROCEEDINGS{gibson.acc.2013,
  author        = {Travis E. Gibson and Anuradha M. Annaswamy and Eugene Lavretsky},
  title         = {Adaptive Systems with Closed-loop Reference-Models, Part {I}: Transient Performance},
  booktitle     = {American Control Conference},
  organization  = {IEEE},
  publisher     = {Institute of Electrical and Electronics Engineers},
  address       = {Washington, DC, USA},
  month         = {June},
  year          = {2013},
  pages         = {3376--3383},
  doi           = {10.1109/ACC.2013.6580353},
  url           = {\url{https://doi.org/10.1109/ACC.2013.6580353}},
  note          = {\url{https://doi.org/10.1109/ACC.2013.6580353}}
}

@ARTICLE{singh.prior.1984,
  author        = {R.P. Singh and Kumpati S. Narendra},
  title         = {Prior Information in the Design of Multivariable Adaptive Controllers},
  journal       = {IEEE Transactions on Automatic Control},
  volume        = {29},
  number        = {12},
  month         = {December},
  year          = {1984},
  pages         = {1108-1111},
  publisher     = {IEEE},
  doi           = {10.1109/TAC.1984.1103441},
  url           = {\url{https://doi.org/10.1109/TAC.1984.1103441}},
  note          = {\url{https://doi.org/10.1109/TAC.1984.1103441}}
}

@ARTICLE{tao.multivariable.2014,
  title         = {Multivariable Adaptive Control: A survey},
  author        = {Gang Tao},
  journal       = {Automatica},
  volume        = {50},
  number        = {11},
  pages         = {2737--2764},
  year          = {2014},
  publisher     = {Elsevier},
  doi           = {10.1016/j.automatica.2014.10.015},
  url           = {\url{https://doi.org/10.1016/j.automatica.2014.10.015}},
  note          = {\url{https://doi.org/10.1016/j.automatica.2014.10.015}}
}

@BOOK{abzug.stability.2005,
  title         = {Airplane Stability and Control: A History of the Technologies that Made Aviation Possible},
  author        = {Malcom J. Abzug and Eugene E. Larrabee},
  year          = {2005},
  series        = {Cambridge Aerospace Series},
  publisher     = {Cambridge University Press}
}

@INPROCEEDINGS{quwiese.ifac.2014,
  author        = {Zheng Qu and Daniel P. Wiese and Anuradha M. Annaswamy and Eugene Lavretsky},
  title         = {Squaring-up Method in the Presence of Transmission Zeros},
  booktitle     = {The 19th World Congress of the International Federation of Automatic Control},
  organization  = {Elsevier},
  address       = {Cape Town, South Africa},
  month         = {August},
  year          = {2014},
  pages         = {4164--4169},
  doi           = {10.3182/20140824-6-ZA-1003.02658},
  url           = {\url{https://doi.org/10.3182/20140824-6-ZA-1003.02658}},
  note          = {\url{https://doi.org/10.3182/20140824-6-ZA-1003.02658}}
}

@INPROCEEDINGS{wiese.adaptive.2013,
  title         = {Adaptive Control of a Generic Hypersonic Vehicle},
  author        = {Daniel P. Wiese and Anuradha M. Annaswamy and Jonathan A. Muse and Michael A. Bolender},
  year          = {2013},
  booktitle     = {AIAA Guidance, Navigation, and Control Conference},
  publisher     = {American Institute of Aeronautics and Astronautics},
  organization  = {AIAA},
  address       = {Boston, MA},
  month         = {August},
  pages         = {4514},
  doi           = {10.2514/6.2013-4514},
  url           = {\url{https://doi.org/10.2514/6.2013-4514}},
  note          = {\url{https://doi.org/10.2514/6.2013-4514}}
}

@INPROCEEDINGS{wiese.gnc.2015,
  author        = {Daniel P. Wiese and Anuradha M. Annaswamy and Jonathan A. Muse and Michael A. Bolender and Eugene Lavretsky},
  title         = {Adaptive Output Feedback Based on Closed-Loop Reference Models for Hypersonic Vehicles},
  booktitle     = {AIAA Scitech: Guidance, Navigation, and Control Conference},
  publisher     = {American Institute of Aeronautics and Astronautics},
  organization  = {AIAA},
  address       = {Kissimmee, FL, USA},
  month         = {January},
  year          = {2015},
  pages         = {1755},
  doi           = {10.2514/6.2015-1755},
  url           = {\url{https://doi.org/10.2514/6.2015-1755}},
  note          = {\url{https://doi.org/10.2514/6.2015-1755}}
}

@ARTICLE{wiese.jgcd.2015,
  title         = {Adaptive Output Feedback Based on Closed-Loop Reference Models for Hypersonic Vehicles},
  author        = {Daniel P. Wiese and Anuradha M. Annaswamy and Jonathan A. Muse and Michael A. Bolender and Eugene Lavretsky},
  journal       = {Journal of Guidance, Control, and Dynamics},
  volume        = {38},
  number        = {12},
  pages         = {2429--2440},
  year          = {2015},
  publisher     = {American Institute of Aeronautics and Astronautics},
  organization  = {AIAA},
  doi           = {10.2514/1.G001098},
  url           = {\url{https://doi.org/10.2514/1.G001098}},
  note          = {\url{https://doi.org/10.2514/1.G001098}}
}

@INPROCEEDINGS{wiese.sequential.2016,
  title         = {Sequential Loop Closure Based Adaptive Autopilot Design for a Hypersonic Vehicle},
  author        = {Daniel P. Wiese and Anuradha M. Annaswamy and Jonathan A. Muse and Michael A. Bolender and Eugene Lavretsky},
  booktitle     = {AIAA Scitech: Guidance, Navigation, and Control Conference},
  publisher     = {American Institute of Aeronautics and Astronautics},
  organization  = {AIAA},
  address       = {San Diego, CA, USA},
  month         = {January},
  year          = {2016},
  pages         = {1379},
  doi           = {10.2514/6.2016-1379},
  url           = {\url{https://doi.org/10.2514/6.2016-1379}},
  note          = {\url{https://doi.org/10.2514/6.2016-1379}}
}

@INPROCEEDINGS{fiorentini.canard.2008,
  title         = {Robust Nonlinear Sequential Loop Closure Control Design for an Air-breathing Hypersonic Vehicle Model},
  author        = {Lisa Fiorentini and Andrea Serrani and Michael A. Bolender and David B. Doman},
  booktitle     = {American Control Conference},
  organization  = {IEEE},
  publisher     = {Institute of Electrical and Electronics Engineers},
  address       = {Seattle, WA, USA},
  month         = {June},
  year          = {2008},
  pages         = {3458--3463},
  doi           = {10.1109/ACC.2008.4587028},
  url           = {\url{https://doi.org/10.1109/ACC.2008.4587028}},
  note          = {\url{https://doi.org/10.1109/ACC.2008.4587028}}
}

@INPROCEEDINGS{fiorentini.nmp.2009,
  title         = {Nonlinear Control of Non-minimum Phase Hypersonic Vehicle Models},
  author        = {Lisa Fiorentini and Andrea Serrani and Michael A. Bolender and David B. Doman},
  booktitle     = {American Control Conference},
  organization  = {IEEE},
  publisher     = {Institute of Electrical and Electronics Engineers},
  address       = {St. Louis, MO, USA},
  month         = {June},
  year          = {2009},
  pages         = {3160--3165},
  doi           = {10.1109/ACC.2009.5160211},
  url           = {\url{https://doi.org/10.1109/ACC.2009.5160211}},
  note          = {\url{https://doi.org/10.1109/ACC.2009.5160211}}
}

@ARTICLE{bodson.autopilot.2003,
  title         = {Reconfigurable Nonlinear Autopilot},
  author        = {Marc Bodson},
  journal       = {Journal of Guidance, Control, and Dynamics},
  volume        = {26},
  number        = {5},
  pages         = {719--727},
  year          = {2003},
  publisher     = {American Institute of Aeronautics and Astronautics},
  organization  = {AIAA},
  doi           = {10.2514/2.5126},
  url           = {\url{https://doi.org/10.2514/2.5126}},
  note          = {\url{https://doi.org/10.2514/2.5126}}
}

@INPROCEEDINGS{mcfarland.autopilot.1996,
  title         = {Neural-Adaptive Nonlinear Autopilot Design for an Agile Anti-air Missile},
  author        = {Michael B. McFarland and Anthony J. Calise},
  booktitle     = {AIAA Guidance, Navigation and Control Conference},
  organization  = {AIAA},
  address       = {San Diego, CA, USA},
  month         = {July},
  year          = {1996},
  pages         = {29--31},
  doi           = {10.2514/6.1996-3914},
  url           = {\url{https://doi.org/10.2514/6.1996-3914}},
  note          = {\url{https://doi.org/10.2514/6.1996-3914}}
}

@INPROCEEDINGS{wise.munition.2005,
  title         = {Adaptive Flight Control of a Sensor Guided Munition},
  author        = {Kevin A. Wise and Eugene Lavretsky and Jeffrey Zimmerman and James H. Francis-Jr. and Dave Dixon and Brian T. Whitehead},
  booktitle     = {AIAA Guidance, Navigation and Control Conference},
  organization  = {AIAA},
  publisher     = {American Institute of Aeronautics and Astronautics},
  address       = {San Francisco, CA, USA},
  month         = {August},
  year          = {2005},
  pages         = {6385},
  doi           = {10.2514/6.2005-6385},
  url           = {\url{https://doi.org/10.2514/6.2005-6385}},
  note          = {\url{https://doi.org/10.2514/6.2005-6385}}
}

@INPROCEEDINGS{wise.autopilot.2008,
  title         = {Robust Stability Analysis of Adaptive Missile Autopilots},
  author        = {Kevin A. Wise},
  booktitle     = {AIAA Guidance, Navigation and Control Conference},
  organization  = {AIAA},
  publisher     = {American Institute of Aeronautics and Astronautics},
  address       = {Honolulu, HI, USA},
  month         = {August},
  year          = {2008},
  pages         = {6999},
  doi           = {10.2514/6.2008-6999},
  url           = {\url{https://doi.org/10.2514/6.2008-6999}},
  note          = {\url{https://doi.org/10.2514/6.2008-6999}},
}

@TECHREPORT{draper.apollo.1965,
  title         = {Apollo Guidance and Navigation},
  author        = {Charles Stark Draper and W. Wrigley and G. Hoag and R.H. Battin and E. Miller and A. Koso and A.L. Hopkins and W.E. Vander Velde},
  institution   = {Massachusetts Institute of Technology Instrumentation Laboratory},
  month         = {June},
  year          = {1965}
}

@BOOK{golub.matrix.1996,
  title         = {Matrix Computations},
  author        = {Gene H. Golub and Charles F. Van Loan},
  year          = {1996},
  isbn          = {9780801854149},
  lccn          = {96014291},
  series        = {Johns Hopkins Studies in the Mathematical Sciences},
  publisher     = {Johns Hopkins University Press},
  address       = {Baltimore, MD, USA},
  url           = {\url{https://books.google.com/books?id=mlOa7wPX6OYC}},
  note          = {\url{https://books.google.com/books?id=mlOa7wPX6OYC}}
}

@ARTICLE{hua.symmetric.1990,
  title         = {On the Symmetric Solutions of Linear Matrix Equations},
  author        = {Dai Hua},
  journal       = {Linear Algebra and its Applications},
  volume        = {131},
  pages         = {1--7},
  year          = {1990},
  publisher     = {Elsevier},
  doi           = {10.1016/0024-3795(90)90370-R},
  url           = {\url{https://doi.org/10.1016/0024-3795(90)90370-R}},
  note          = {\url{https://doi.org/10.1016/0024-3795(90)90370-R}}
}

% TODO-dpwiese - ordering of given and family name is reverse of hua.symmetric.1990 for citation numbering consistency
% with thesis as originally published. At least until Ref. [41] in the original thesis, which was a duplicate of
% Ref. [40].
@ARTICLE{dai.symmetric.1996,
  title         = {Symmetric Positive Definite Solutions of Matrix Equations ({AX}, {XB})=({C},{D}) and {AXB}={C}},
  author        = {Hua Dai},
  journal       = {Nanjing University of Aeronautics and Astronautics},
  volume        = {13},
  number        = {2},
  pages         = {175--179},
  year          = {1996}
}

@ARTICLE{paige.towardsgsvd.1981,
  title         = {Towards a Generalized Singular Value Decomposition},
  author        = {Christopher C. Paige and Michael A. Saunders},
  journal       = {SIAM Journal on Numerical Analysis},
  volume        = {18},
  number        = {3},
  pages         = {398--405},
  year          = {1981},
  publisher     = {SIAM},
  issn          = {00361429},
  url           = {\url{http://www.jstor.org/stable/2156862}},
  note          = {\url{http://www.jstor.org/stable/2156862}}
}

@INPROCEEDINGS{dauby.hifire6overview.2015,
  title         = {{HIF}i{RE} 6: Overview and Status Update 2015},
  author        = {Boyce H. Dauby and David W. Adamczak and Jonathan A. Muse and Michael A. Bolender},
  booktitle     = {AIAA International Space Planes and Hypersonic Systems and Technologies Conference},
  organization  = {AIAA},
  publisher     = {American Institute of Aeronautics and Astronautics},
  address       = {Glasgow, Scotland},
  month         = {July},
  year          = {2015},
  pages         = {3537},
  doi           = {10.2514/6.2015-3537},
  url           = {\url{https://doi.org/10.2514/6.2015-3537}},
  note          = {\url{https://doi.org/10.2514/6.2015-3537}}
}

@INPROCEEDINGS{adamczak.hifire6.2015,
  title         = {The Flight Dynamics of the {HIF}i{RE} Flight 6 Research Vehicle},
  author        = {David Adamczak and Michael A. Bolender},
  booktitle     = {AIAA SciTech: Atmospheric Flight Mechanics Conference},
  publisher     = {American Institute of Aeronautics and Astronautics},
  organization  = {AIAA},
  address       = {Kissimmee, FL, USA},
  month         = {January},
  year          = {2015},
  pages         = {528},
  doi           = {10.2514/6.2015-0528},
  url           = {\url{https://doi.org/10.2514/6.2015-0528}},
  note          = {\url{https://doi.org/10.2514/6.2015-0528}}
}

@ARTICLE{sanner.gaussian.1992,
  title         = {Gaussian Networks for Direct Adaptive Control},
  author        = {Robert M. Sanner and Jean-Jacques E. Slotine},
  journal       = {IEEE Transactions on Neural Networks},
  volume        = {3},
  number        = {6},
  pages         = {837--863},
  year          = {1992},
  month         = {November},
  publisher     = {IEEE},
  doi           = {10.1109/72.165588},
  url           = {\url{https://doi.org/10.1109/72.165588}},
  note          = {\url{https://doi.org/10.1109/72.165588}}
}

@INPROCEEDINGS{muse.statecontstraints.2011,
  title         = {A Method for Enforcing State Constraints in Adaptive Control},
  author        = {Jonathan A. Muse},
  booktitle     = {AIAA Guidance, Navigation and Control Conference},
  publisher     = {American Institute of Aeronautics and Astronautics},
  organization  = {AIAA},
  address       = {Portland, OR, USA},
  month         = {August},
  year          = {2011},
  pages         = {6205},
  doi           = {10.2514/6.2011-6205},
  url           = {\url{https://doi.org/10.2514/6.2011-6205}},
  note          = {\url{https://doi.org/10.2514/6.2011-6205}}
}

@INPROCEEDINGS{gadient.statelimter.2011,
  title         = {State Limiter for Model Following Control Systems},
  author        = {Ross Gadient and Eugene Lavretsky and David Hyde},
  booktitle     = {AIAA Guidance, Navigation and Control Conference},
  publisher     = {American Institute of Aeronautics and Astronautics},
  organization  = {AIAA},
  address       = {Portland, OR, USA},
  month         = {August},
  year          = {2011},
  pages         = {6483},
  doi           = {10.2514/6.2011-6483},
  url           = {\url{https://doi.org/10.2514/6.2011-6483}},
  note          = {\url{https://doi.org/10.2514/6.2011-6483}}
}

@INPROCEEDINGS{famularo.stateconstraints.2016,
  title         = {Enforcing State Constraints on a Model of a Hypersonic Vehicle},
  author        = {Douglas Famularo and John Valasek and Jonathan A. Muse and Michael A. Bolender},
  booktitle     = {AIAA Scitech: Guidance, Navigation, and Control Conference},
  publisher     = {American Institute of Aeronautics and Astronautics},
  organization  = {AIAA},
  address       = {San Diego, CA, USA},
  month         = {January},
  year          = {2016},
  pages         = {1865},
  doi           = {10.2514/6.2016-1865},
  url           = {\url{https://doi.org/10.2514/6.2016-1865}},
  note          = {\url{https://doi.org/10.2514/6.2016-1865}}
}

@BOOK{onken.cognitiveautomation.2010,
  title         = {System-Ergonomic Design of Cognitive Automation: Dual-Mode Cognitive Design of Vehicle Guidance and Control Work Systems},
  author        = {R. Onken and A. Schulte},
  isbn          = {9783642031342},
  lccn          = {2009937156},
  series        = {Studies in Computational Intelligence},
  year          = {2010},
  publisher     = {Springer},
  url           = {\url{https://books.google.com/books?id=KgdqVMjEoMkC}},
  note          = {\url{https://books.google.com/books?id=KgdqVMjEoMkC}}
}

@MISC{x15picture,
  author        = {unknown},
  title         = {Outstanding photos of the {X}-15, the fastest manned rocket plane ever},
  year          = {2014},
  url           = {\url{http://sploid.gizmodo.com/the-best-photos-of-the-x-15-fastest-manned-aircraft-ev-1675268839}},
  note          = {\url{http://sploid.gizmodo.com/the-best-photos-of-the-x-15-fastest-manned-aircraft-ev-1675268839} [Online; accessed 11-March-2016]}
}

@MISC{x43picture,
  author        = {NASA},
  title         = {Astronomy picture of the day},
  year          = {2004},
  url           = {\url{http://apod.nasa.gov/apod/ap040329.html}},
  note          = {\url{http://apod.nasa.gov/apod/ap040329.html} [Online; accessed 11-March-2016]}
}

@MISC{x51picture,
  author        = {Wikipedia},
  title         = {Boeing {X}-51},
  year          = {2010},
  url           = {\url{https://en.wikipedia.org/wiki/Boeing_X-51}},
  note          = {\url{https://en.wikipedia.org/wiki/Boeing_X-51} [Online; accessed 11-March-2016]}
}

% TODO-dpwiese - should probably be a TECHREPORT
@ARTICLE{heffley.nasacr2144.1972,
  title         = {Aircraft handling qualities data},
  journal       = {NASA Contractor Report CR-2144},
  author        = {Robert K. Heffley and Wayne F. Jewell},
  year          = {1972}
}
